@article{comb1981,
  author={J. E. Goodman And R. Pollack},
  title={A combinatorial perspective on some problems in geometry},
  journal={Congressus Numerantium},
  number={32},
  pages={383--394},
  year={1981}
}


@article{conf1983,
  author={R. E. Jamison And D. Hill},
  title={A catalogue of slope-critical configurations},
  journal={Congressus Numerantium},
  number={40},
  pages={101--125},
  year={1983}
}

@article{dire1970,
  author={P. R. Scott},
  title={On the sets of directions determined by n points},
  journal={Amer. Math},
  number={77},
  pages={502--505},
  year={1970}
}

@article{non1982,
  author={P. Ungar},
  title={2N noncollinear points determine at least 2N directions},
  journal={J. Combinatorial Theory, Ser. A},
  number={33},
  pages={343--347},
  year={1982},
}

