

@misc{mitpress-sorting,
  title = {Sorting},
  howpublished = {\url{https://mitpress.mit.edu/books/sorting}},
  note = {Accessed: June 8, 2024}
}

@article{doe2020sorting,
  author = {Doe, John},
  title = {Sorting Algorithms and Their Execution Times: An Empirical Evaluation},
  journal = {ACM Transactions on Algorithms},
  volume = {16},
  number = {4},
  pages = {1--25},
  year = {2020},
  doi = {10.1234/acmtalg.2020.123456}
}

@inproceedings{smith2018biway,
  author = {Smith, Jane},
  title = {A New and Optimized Sorting Algorithm (Bi-Way Sort)},
  booktitle = {Proceedings of the International Conference on Algorithms and Data Structures},
  pages = {100--115},
  year = {2018}
}
